@article{arjovsky2017wasserstein,
  title={Wasserstein gan},
  author={Arjovsky, Martin and Chintala, Soumith and Bottou, L{\'e}on},
  journal={arXiv preprint arXiv:1701.07875},
  year={2017}
}

@inproceedings{arjovsky2017towards,
  title={Towards principled methods for training generative adversarial networks},
  author={Arjovsky, Martin and Bottou, L{\'e}on},
  booktitle={NIPS 2016 Workshop on Adversarial Training. In review for ICLR},
  volume={2016},
  year={2017}
}

@article{berthelot2017began,
  title={BEGAN: Boundary Equilibrium Generative Adversarial Networks},
  author={Berthelot, David and Schumm, Tom and Metz, Luke},
  journal={arXiv preprint arXiv:1703.10717},
  year={2017}
}

@article{breuleux2011quickly,
  title={Quickly generating representative samples from an rbm-derived
      process},
  author={Breuleux, Olivier and Bengio, Yoshua and Vincent, Pascal},
  journal={Neural Computation},
  volume={23},
  number={8},
  pages={2058--2073},
  year={2011},
  publisher={MIT Press}
}

@article{goodfellow2014explaining,
  title={Explaining and harnessing adversarial examples},
  author={Goodfellow, Ian J and Shlens, Jonathon and Szegedy, Christian},
  journal={arXiv preprint arXiv:1412.6572},
  year={2014}
}

@inproceedings{goodfellow2014generative,
  title={Generative adversarial nets},
  author={Goodfellow, Ian and Pouget-Abadie, Jean and Mirza, Mehdi and Xu, Bing and Warde-Farley, David and Ozair, Sherjil and Courville, Aaron and Bengio, Yoshua},
  booktitle={Advances in neural information processing systems},
  pages={2672--2680},
  year={2014}
}

@article{gulrajani2017improved,
  title={Improved Training of Wasserstein GANs},
  author={Gulrajani, Ishaan and Ahmed, Faruk and Arjovsky, Martin and Dumoulin, Vincent and Courville, Aaron},
  journal={arXiv preprint arXiv:1704.00028},
  year={2017}
}

@inproceedings{lukic2016speaker,
  title={Speaker identification and clustering using convolutional neural networks},
  author={Lukic, Yanick and Vogt, Carlo and D{\"u}rr, Oliver and Stadelmann, Thilo},
  booktitle={Machine Learning for Signal Processing (MLSP), 2016 IEEE 26th International Workshop on},
  pages={1--6},
  year={2016},
  organization={IEEE}
}

@inproceedings{mcfee2015librosa,
  title={librosa: Audio and music signal analysis in python},
  author={McFee, Brian and Raffel, Colin and Liang, Dawen and Ellis, Daniel PW and McVicar, Matt and Battenberg, Eric and Nieto, Oriol},
  booktitle={Proceedings of the 14th python in science conference},
  year={2015}
}

@article{mao2016least,
  title={Least squares generative adversarial networks},
  author={Mao, Xudong and Li, Qing and Xie, Haoran and Lau, Raymond YK and Wang, Zhen and Smolley, Stephen Paul},
  journal={arXiv preprint ArXiv:1611.04076},
  year={2016}
}

@techreport{peeters2004large,
  title={A large set of audio features for sound description (similarity and classification) in the CUIDADO project},
  author={Peeters, Geoffroy},
  year={2004}
}

@article{radford2015unsupervised,
  title={Unsupervised representation learning with deep convolutional generative adversarial networks},
  author={Radford, Alec and Metz, Luke and Chintala, Soumith},
  journal={arXiv preprint arXiv:1511.06434},
  year={2015}
}
@article{salimans2016improved,
  author    = {Tim Salimans and
               Ian J. Goodfellow and
               Wojciech Zaremba and
               Vicki Cheung and
               Alec Radford and
               Xi Chen},
  title     = {Improved Techniques for Training GANs},
  journal   = {CoRR},
  volume    = {abs/1606.03498},
  year      = {2016},
  url       = {http://arxiv.org/abs/1606.03498},
  timestamp = {Fri, 01 Jul 2016 17:39:49 +0200},
  biburl    = {http://dblp.uni-trier.de/rec/bib/journals/corr/SalimansGZCRC16},
  bibsource = {dblp computer science bibliography, http://dblp.org}
}
@article{seshia2016vai,
  author    = {Sanjit A. Seshia and
               Dorsa Sadigh},
  title     = {Towards Verified Artificial Intelligence},
  journal   = {CoRR},
  volume    = {abs/1606.08514},
  year      = {2016},
  url       = {http://arxiv.org/abs/1606.08514},
  timestamp = {Fri, 01 Jul 2016 17:39:49 +0200},
  biburl    = {http://dblp.uni-trier.de/rec/bib/journals/corr/SeshiaS16},
  bibsource = {dblp computer science bibliography, http://dblp.org}
}

@article{yang2017midigan,
  title     = {MidiNet: {A} Convolutional Generative Adversarial Network for Symbolic-domain
               Music Generation using 1D and 2D Conditions},
  author    = {Li{-}Chia Yang and
               Szu{-}Yu Chou and
               Yi{-}Hsuan Yang},
  journal   = {CoRR},
  volume    = {abs/1703.10847},
  year      = {2017},
  url       = {http://arxiv.org/abs/1703.10847},
  timestamp = {Mon, 03 Apr 2017 12:41:34 +0200},
  biburl    = {http://dblp.uni-trier.de/rec/bib/journals/corr/YangCY17},
  bibsource = {dblp computer science bibliography, http://dblp.org}
}

@article{zhao2016energy,
  title={Energy-based generative adversarial network},
  author={Zhao, Junbo and Mathieu, Michael and LeCun, Yann},
  journal={arXiv preprint arXiv:1609.03126},
  year={2016}
}
